@INPROCEEDINGS{Holder,
    author = {Akintayo O. Holder and Christopher D. Carothers},
    title = {Analysis of time warp on a 32,768 processor ibm blue gene/l supercomputer},
    booktitle = {in 2008 Proceedings European Modeling and Simulation Symposium (EMSS},
    year = {2008}
}

@INPROCEEDINGS{Hauser,
    author = {Helwig Hauser and Florian Ledermann and Helmut Doleisch},
    title = {Angular Brushing of Extended Parallel Coordinates},
   booktitle={Information Visualization, 2002. INFOVIS 2002. IEEE Symposium on},
  pages={127--130},
  year={2002},
  organization={IEEE}
}

@inproceedings{Bauer,
 author = {Bauer Jr., David W. and Carothers, Christopher D. and Holder, Akintayo},
 title = {Scalable Time Warp on Blue Gene Supercomputers},
 booktitle = {Proceedings of the 2009 ACM/IEEE/SCS 23rd Workshop on Principles of Advanced and Distributed Simulation},
 series = {PADS '09},
 year = {2009},
 isbn = {978-0-7695-3713-9},
 pages = {35--44},
 numpages = {10},
 url = {http://dx.doi.org/10.1109/PADS.2009.21},
 doi = {10.1109/PADS.2009.21},
 acmid = {1577971},
 publisher = {IEEE Computer Society},
 address = {Washington, DC, USA},
 keywords = {Time Warp, Blue Gene Supercomputer},
} 

@misc{Chang,
	title ={Parallel Coordinates},
	author={Kai Chang},
	howpublished = {\url{https://syntagmatic.github.io/parallel-coordinates/}},
	note = {Accessed: 2016-02-25}
	}

@misc{Brewer,
	title ={ColorBrewer2},
	howpublished = {\url{https://colorbrewer2.org/}},
	note = {Accessed: 2016-02-25}
	}

@misc{colorhex,
title ={Color-hex},
	howpublished = {\url{https://color-hex.com/}},
	note = {Accessed: 2016-02-25}
	}

